@misc{repo,
 author = {Paula Mihalcea},
 title = {{Physical Distancing Detector}},
 howpublished = {\url{https://github.com/PaulaMihalcea/Physical-distancing-detector}},
 year = 2020
}

@misc{utils,
 author = {Satya Mallick},
 title = {{Homography Examples using OpenCV (Python/C++)}},
 howpublished = {\url{https://www.learnopencv.com/homography-examples-using-opencv-python-c/}},
 year = 2016
}

@misc{homography,
 author = {Frank Lamosa},
 title = {{What is a homography, and how is it calculated? - Quora}},
 howpublished = {\url{https://www.quora.com/What-is-a-homography-and-how-is-it-calculated}},
 year = 2017
}

@misc{homographywiki,
 title = {{Homography (computer vision) - Wikipedia}},
 howpublished = {\url{https://en.wikipedia.org/wiki/Homography_(computer_vision)}}
}

@misc{screeninfo,
 author = {rr},
 title = {{screeninfo 0.6.5}},
 howpublished = {\url{https://pypi.org/project/screeninfo/}},
 year = 2020
}

@misc{opreq,
 author = {Gines Hidalgo},
 title = {{OpenPose Installation - Requirements and Dependencies}},
 howpublished = {\url{https://github.com/CMU-Perceptual-Computing-Lab/openpose/blob/master/doc/installation.md#requirements-and-dependencies/}},
 year = 2020
}

@misc{opprereq,
 author = {Gines Hidalgo},
 title = {{OpenPose Installation - Ubuntu Prerequisites}},
 howpublished = {\url{https://github.com/CMU-Perceptual-Computing-Lab/openpose/blob/master/doc/prerequisites.md#ubuntu-prerequisites}},
 year = 2020
}

@misc{opprereqwin,
 author = {Gines Hidalgo},
 title = {{OpenPose Installation - Windows Prerequisites}},
 howpublished = {\url{https://github.com/CMU-Perceptual-Computing-Lab/openpose/blob/master/doc/prerequisites.md#windows-prerequisites}},
 year = 2020
}

@misc{opcompile,
 author = {Nisha Gandhi},
 title = {{Real-time Pose Estimation in webcam using OpenPose: Python 2/3 & OpenCV}},
 howpublished = {\url{https://medium.com/pixel-wise/real-time-pose-estimation-in-webcam-using-openpose-python-2-3-opencv-91af0372c31c}},
 year = 2018
}

@misc{opinstallunoff,
 author = {Erica Zheng},
 title = {{A 2020 Guide for Installing OpenPose}},
 howpublished = {\url{https://medium.com/@erica.z.zheng/installing-openpose-on-ubuntu-18-04-cuda-10-ebb371cf3442}},
 year = 2019
}

@misc{opinstall,
 author = {Gines Hidalgo},
 title = {{OpenPose Installation}},
 howpublished = {\url{https://github.com/CMU-Perceptual-Computing-Lab/openpose/blob/master/doc/installation.md#installation}},
 year = 2020
}

@misc{opquick,
 author = {Gines Hidalgo},
 title = {{OpenPose - Quick Start}},
 howpublished = {\url{https://github.com/CMU-Perceptual-Computing-Lab/openpose/blob/master/doc/quick_start.md#quick-start}},
 year = 2020
}

@misc{oppython,
 author = {Gines Hidalgo},
 title = {{OpenPose Python Module and Demo}},
 howpublished = {\url{https://github.com/CMU-Perceptual-Computing-Lab/openpose/blob/master/doc/modules/python_module.md}},
 year = 2020
}

@misc{opkp,
 author = {Gines Hidalgo},
 title = {{OpenPose - Keypoint Ordering in C++/Python}},
 howpublished = {\url{https://github.com/CMU-Perceptual-Computing-Lab/openpose/blob/master/doc/output.md#keypoint-ordering-in-c-python}},
 year = 2020
}

@misc{cvpython,
 title = {{OpenCV}},
 howpublished = {\url{https://opencv.org/}},
 year = 1999
}

@misc{cvcamera,
 author = {Alexander Mordvintsev & Abid K.},
 title = {{Getting Started with Videos - OpenCV}},
 howpublished = {\url{https://opencv-python-tutroals.readthedocs.io/en/latest/py_tutorials/py_gui/py_video_display/py_video_display.html}},
 year = 2013
}

@misc{cvpertrans,
 author = {OpenCV},
 title = {{OpenCV - Operations on Arrays: perspectiveTransform}},
 howpublished = {\url{https://docs.opencv.org/2.4/modules/core/doc/operations_on_arrays.html#perspectivetransform}},
 year = 2011
}

@misc{cvhomography,
 author = {OpenCV},
 title = {{OpenCV - Basic concepts of the homography explained with codem}},
 howpublished = {\url{https://docs.opencv.org/3.4/d9/dab/tutorial_homography.html}}
}

@misc{cvcrop,
 author = {kbarni},
 title = {{OpenCV - Perspective transform without crop}},
 howpublished = {\url{https://answers.opencv.org/question/144252/perspective-transform-without-crop/}},
 year = 2017
}

@misc{meme,
 author = {Know Your Meme},
 title = {{Flipping Tables}},
 howpublished = {\url{https://knowyourmeme.com/memes/flipping-tables}},
 year = 2011
}

@misc{numpy,
 author = {Travis Oliphant},
 title = {{Numpy}},
 howpublished = {\url{https://numpy.org/}},
 year = 2005
}

@book{cookbook,
  title = {OpenCV 3 Computer Vision with Python Cookbook},
  subtitle = {Leverage the power of OpenCV 3 and Python to build computer vision applications},
  author = {{}Alexey Spizhevoy, Aleksandr Rybnikov}},
  year = {2018},
  publisher = {Packt},
}

@misc{opencvkeys,
 author = {Abid Rahman K.},
 title = {{Using other keys for the waitKey() function of opencv}},
 howpublished = {\url{https://stackoverflow.com/questions/14494101/using-other-keys-for-the-waitkey-function-of-opencv}},
 year = 2013
}

@misc{cuda,
 author = {NVIDIA},
 title = {{CUDA Toolkit}},
 howpublished = {\url{https://developer.nvidia.com/cuda-toolkit}}
}

@misc{cudaofficialwin,
 author = {NVIDIA},
 title = {{CUDA Installation Guide for Microsoft Windows}},
 howpublished = {\url{https://docs.nvidia.com/cuda/cuda-installation-guide-microsoft-windows/index.html}},
 year = 2020
}

@misc{cudaofficiallinux,
 author = {NVIDIA},
 title = {{NVIDIA CUDA Installation Guide for Linux}},
 howpublished = {\url{https://docs.nvidia.com/cuda/cuda-installation-guide-linux/index.html}},
 year = 2020
}

@misc{cudaunofficial,
 author = {Kavinda Senarathne},
 title = {{CUDA Toolkit on Windows 10}},
 howpublished = {\url{https://medium.com/analytics-vidhya/cuda-toolkit-on-windows-10-20244437e036}},
 year = 2019
}

@misc{cmake,
 author = {Kitware},
 title = {{CMake GUI}},
 howpublished = {\url{https://cmake.org/}}
}

@misc{cudnnnotfound,
 author = {cnzJohn},
 title = {{Cmake openpose problem (cuDNN not found)}},
 howpublished = {\url{https://github.com/CMU-Perceptual-Computing-Lab/openpose/issues/486}},
 year = 2018
}

@misc{others,
 author = {Gurucharan M. K.},
 title = {{COVID-19: AI-Enabled Social Distancing Detector using OpenCV}},
 howpublished = {\url{https://towardsdatascience.com/covid-19-ai-enabled-social-distancing-detector-using-opencv-ea2abd827d34}},
 year = 2020
}